@article{weatherburn2011,
  title={Uses and abuses of crime statistics},
  author={Weatherburn, Don},
  journal={Crime and Justice Bulletin: Contemporary Issues in Crime and Justice},
  pages={153},
  month={November},
  year={2011},
  publisher={NSW Bureau of Crime Statistics and Research}
}

@online{fafsa2019,
  title={FAFSA Completion by High School and Public School District},
  publisher={Office of Federal Student Aid},
  month={April},
  year={2019},
  url={https://studentaid.ed.gov/sa/about/data-center/student/application-volume/fafsa-completion-high-school}
}

@online{nces2019,
  title={National Center for Education Statistics},
  month={April},
  year={2019},
  url={https://nces.ed.gov/ccd/elsi/}
}

@online{lightgbm2019,
 title={Microsoft/LightGBM},
 month={May},
 year={2019},
 url={https://github.com/Microsoft/LightGBM}
}

@online{snsridgeplot2019,
 title={Overlapping densities (‘ridge plot’)},
 month={May},
 year={2019},
 url={https://seaborn.pydata.org/examples/kde_ridgeplot.html}
}