@online{rejasupotaro,
 author = {Takiguchi, Kentaro},
 title = {Cheaters??? and Zombies!!!},
 month = {October},
 year = {2018},
 url = {https://www.kaggle.com/rejasupotaro/cheaters-and-zombies}
}

@misc{template,
 author = {Burnett, Zachary},
 title = {UMD GIS Project Proposal Template},
 url = {https://www.overleaf.com/latex/templates/umd-gis-project-proposal-template/ddbcsvbcnfzc}
}

@article{scikit-learn,
 title={Scikit-learn: Machine Learning in {P}ython},
 author={Pedregosa, F. and Varoquaux, G. and Gramfort, A. and Michel, V.
         and Thirion, B. and Grisel, O. and Blondel, M. and Prettenhofer, P.
         and Weiss, R. and Dubourg, V. and Vanderplas, J. and Passos, A. and
         Cournapeau, D. and Brucher, M. and Perrot, M. and Duchesnay, E.},
 journal={Journal of Machine Learning Research},
 volume={12},
 pages={2825--2830},
 year={2011}
}

@online{lepelaars,
 title = {PUBG Data Exploration + Random Forest (+ Funny GIFs)},
 author = {Lepelaars, C. and Touwen, L. and Harmsen, D.},
 month = {November},
 year = {2018},
 url = {https://www.kaggle.com/carlolepelaars/pubg-data-exploration-rf-funny-gifs}
}

@online{competition,
 title = {PUBG Finish Placement Prediction (Kernels Only)},
 month = {October},
 year = {2018},
 url = {https://www.kaggle.com/c/pubg-finish-placement-prediction}
}

@online{nan_in_training,
 author = {Kanstr√©n, Teemu},
 month = {October},
 year = {2018},
 url = {https://www.kaggle.com/c/pubg-finish-placement-prediction/discussion/68965#406766}
}

@online{competition_relaunch,
 title = {Competition Relaunch!},
 author = {Apers, Michael},
 month = {October},
 year = {2018},
 url = {https://www.kaggle.com/c/pubg-finish-placement-prediction/discussion/68965}
}

@online{clustering,
 title = {PUBG Clustering Exploration},
 author = {Robert Rose},
 month = {November},
 year = {2018},
 url = {https://www.kaggle.com/robroseknows/pubg-clustering-exploration}
}

@online{post-process,
 title = {A Simple Post-Processing Trick For NN Models},
 author = {Lee, Ceshine},
 month = {November},
 year = {2018},
 url = {https://www.kaggle.com/c/pubg-finish-placement-prediction/discussion/70492}
}

@online{feature-engineering,
 title = {Effective Feature Engineering},
 author = {Kentaro Takiguchi},
 month = {October},
 year = {2018},
 url = {https://www.kaggle.com/rejasupotaro/effective-feature-engineering}
}
