@article{weatherburn2011,
  title={Uses and abuses of crime statistics},
  author={Weatherburn, Don},
  booktitle={Crime and Justice Bulletin: Contemporary Issues in Crime and Justice},
  pages={153},
  month={November},
  year={2011},
  organization={NSW Bureau of Crime Statistics and Research}
}